%% Created using Papers on Thu, 31 Jan 2013.
%% http://mekentosj.com/papers/##

@article{DeCraene:2013kb,
author = {De Craene, Bram and Berx, Geert},
title = {{Regulatory networks definingEMT during cancer initiation andprogression}},
journal = {Nat Rev Cancer},
year = {2013},
volume = {13},
number = {2}
}

@article{Quinlan:2010km,
author = {Quinlan, A R and Hall, I M},
title = {{BEDTools: a flexible suite of utilities for comparing genomic features}},
journal = {Bioinformatics},
year = {2010},
volume = {26},
number = {6},
pages = {841--842},
month = mar
}

@article{Kent:2002bw,
author = {Kent, W James and Sugnet, Charles W and Furey, Terrence S and Roskin, Krishna M and Pringle, Tom H and Zahler, Alan M and Haussler, David},
title = {{The human genome browser at UCSC.}},
journal = {Genome Research},
year = {2002},
volume = {12},
number = {6},
pages = {996--1006},
month = jun
}

@article{Martin:2011va,
author = {Martin, M},
title = {{Cutadapt removes adapter sequences from high-throughput sequencing reads}},
journal = {EMBnet journal},
year = {2011}
}

@article{Li:2009kaa,
author = {Li, H and Handsaker, B and Wysoker, A and Fennell, T and Ruan, J and Homer, N and Marth, G and Abecasis, G and Durbin, R and {1000 Genome Project Data Processing Subgroup}},
title = {{The Sequence Alignment/Map format and SAMtools}},
journal = {Bioinformatics},
year = {2009},
volume = {25},
number = {16},
pages = {2078--2079},
month = aug
}

@article{Love:2014eo,
author = {Love, Michael I and Huber, Wolfgang and Anders, Simon},
title = {{Moderated estimation of fold change and dispersion for RNA-seq data with DESeq2}},
journal = {Genome Biology},
year = {2014},
volume = {15},
number = {12},
pages = {550}
}

@article{Ko:2010dq,
author = {Ko, Myunggon and Huang, Yun and Jankowska, Anna M and Pape, Utz J and Tahiliani, Mamta and Bandukwala, Hozefa S and An, Jungeun and Lamperti, Edward D and Koh, Kian Peng and Ganetzky, Rebecca and Liu, X Shirley and Aravind, L and Agarwal, Suneet and Maciejewski, Jaroslaw P and Rao, Anjana},
title = {{Impaired hydroxylation of 5-methylcytosine inmyeloid cancers with mutant TET2}},
journal = {Nature},
year = {2010},
volume = {468},
number = {7325},
pages = {839--843},
month = feb
}

@MISC{Lindenbaum:Online,
title = {{\url{http://www.biostars.org/p/6219/}}}
}

@MISC{FASTQC:Online,
title = {{\url{http://www.bioinformatics.babraham.ac.uk/projects/fastqc/}}}
}


@ONLINE{Kao:Online,
title = {{\url{http://www.biostars.org/p/14614/}}}
}

@ONLINE{Retrieve:Online,
title = {{\url{http://www.biostars.org/p/1195/}}}
}

@ONLINE{Hannon:Online,
title = {{\url{http://hannonlab.cshl.edu/fastx_toolkit/}}}
}


@Manual{BSgenome,
    title = {BSgenome: Infrastructure for Biostrings-based genome data packages},
    author = {Herve Pages},
    note = {R package version 1.28.0},
  }

@article{Rice:2000wr,
author = {Rice, P and Longden, I and Bleasby, A},
title = {{EMBOSS: the European Molecular Biology Open Software Suite.}},
journal = {Trends in Genetics},
year = {2000},
volume = {16},
number = {6},
pages = {276--277},
month = jun
}

@article{Gaj:2013jg,
author = {Gaj, Thomas and Gersbach, Charles A and Barbas, III, Carlos F},
title = {{ZFN, TALEN, and CRISPR/Cas-based methods for genome engineering}},
journal = {Trends in Biotechnology},
year = {2013},
volume = {31},
number = {7},
pages = {397--405},
month = may
}



@article{Guilhamon:1dz,
author = {Guilhamon, Paul and Eskandarpour, Malihe and Halai, Dina and Wilson, Gareth A and Feber, Andrew and Teschendorff, Andrew E and Gomez, Valenti and Hergovich, Alexander and Tirabosco, Roberto and Amary, M Fernanda and Baumhoer, Daniel and Jundt, Gernot and Ross, Mark T and Flanagan, Adrienne M and Beck, Stephan},
title = {{Meta-analysis of IDH-mutant cancers identifies EBF1 as an interaction partner for TET2}},
journal = {Nature Communications},
year = {1},
volume = {4},
pages = {1--9}
}

@article{Maeder:2013hp,
author = {Maeder, Morgan L and Angstman, James F and Richardson, Marcy E and Linder, Samantha J and Cascio, Vincent M and Tsai, Shengdar Q and Ho, Quan H and Sander, Jeffry D and Reyon, Deepak and Bernstein, Bradley E and Costello, Joseph F and Wilkinson, Miles F and Joung, J Keith},
title = {{nbt.2726}},
journal = {Nat Biotechnol},
year = {2013},
pages = {1--9},
month = oct
}



@article{Lu:2013hk,
author = {Lu, Chao and Ward, Patrick S and Kapoor, Gurpreet S and Rohle, Dan and Turcan, Sevin and Abdel-Wahab, Omar and Edwards, Christopher R and Khanin, Raya and Figueroa, Maria E and Melnick, Ari and Wellen, Kathryn E and O'Rourke, Donald M and Berger, Shelley L and Chan, Timothy A and Levine, Ross L and Mellinghoff, Ingo K and Thompson, Craig B},
title = {{IDH mutation impairs histone demethylation and results in a block to cell differentiation}},
journal = {Nature},
year = {2013},
volume = {483},
number = {7390},
pages = {474--478},
month = apr
}



@article{Lian:2012kb,
author = {Lian, Christine Guo and Xu, Yufei and Ceol, Craig and Wu, Feizhen and Larson, Allison and Dresser, Karen and Xu, Wenqi and Tan, Li and Hu, Yeguang and Zhan, Qian and Lee, Chung-wei and Di Hu and Lian, Bill Q and Kleffel, Sonja and Yang, Yijun and Neiswender, James and Khorasani, Abraham J and Fang, Rui and Lezcano, Cecilia and Duncan, Lyn M and Scolyer, Richard A and Thompson, John F and Kakavand, Hojabr and Houvras, Yariv and Zon, Leonard I and Mihm, Jr, Martin C and Kaiser, Ursula B and Schatton, Tobias and Woda, Bruce A and Murphy, George F and Shi, Yujiang G},
title = {{Loss of 5-Hydroxymethylcytosine Is an Epigenetic Hallmark of Melanoma}},
journal = {Cell},
year = {2012},
volume = {150},
number = {6},
pages = {1135--1146},
month = sep
}


@article{Orr:2012jc,
author = {Orr, Brent A and Haffner, Michael C and Nelson, William G and Yegnasubramanian, Srinivasan and Eberhart, Charles G},
title = {{Decreased 5-Hydroxymethylcytosine Is Associated with Neural Progenitor Phenotype in Normal Brain and Shorter Survival in Malignant Glioma}},
journal = {PLoS ONE},
year = {2012},
volume = {7},
number = {7},
pages = {e41036},
month = jul
}



@article{Williams:2012fy,
author = {Williams, Kristine and Christensen, Jesper and Helin, Kristian},
title = {{DNA methylation: TET proteins---guardians of CpG islands?}},
journal = {EMBO Rep},
year = {2012},
volume = {13},
number = {1},
pages = {28--35},
month = jan
}

@article{Ran:2013it,
author = {Ran, F Ann and Hsu, Patrick D and Lin, Chie-Yu and Gootenberg, Jonathan S and Konermann, Silvana and Trevino, Alexandro E and Scott, David A and Inoue, Azusa and Matoba, Shogo and Zhang, Yi and Zhang, Feng},
title = {{Double Nicking by RNA-Guided CRISPR Cas9 for Enhanced Genome Editing Specificity}},
journal = {Cell},
year = {2013},
volume = {154},
number = {6},
pages = {1380--1389},
month = sep
}



@article{Namiki:2013bv,
author = {Namiki, Youhei and Ishida, Takashi and Akiyama, Yutaka},
title = {{Acceleration of sequence clustering using longest common subsequence filtering}},
journal = {BMC Bioinformatics},
year = {2013},
volume = {14},
number = {Suppl 8},
pages = {S7},
month = may
}

@article{Mali:2013ft,
author = {Mali, Prashant and Aach, John and Stranges, P Benjamin and Esvelt, Kevin M and Moosburner, Mark and Kosuri, Sriram and Yang, Luhan and Church, George M},
title = {{CAS9 transcriptional activators for target specificity screening and paired nickases for cooperative genome engineering}},
journal = {Nat Biotechnol},
year = {2013},
volume = {31},
number = {9},
pages = {833--838},
month = aug
}

@article{Berry:2006hv,
author = {Berry, Charles and Hannenhalli, Sridhar and Leipzig, Jeremy and Bushman, Frederic D},
title = {{Selection of Target Sites for Mobile DNA Integration in the Human Genome}},
journal = {PLoS Comput Biol},
year = {2006},
volume = {2},
number = {11},
pages = {e157}
}


@article{Richards:2009ez,
author = {Richards, Kristy L and Zhang, Baili and Baggerly, Keith A and Colella, Stefano and Lang, James C and Schuller, David E and Krahe, Ralf},
title = {{Genome-Wide Hypomethylation in Head and Neck Cancer Is More Pronounced in HPV-Negative Tumors and Is Associated with Genomic Instability}},
journal = {PLoS ONE},
year = {2009},
volume = {4},
number = {3},
pages = {e4941},
month = mar
}

@Manual{Biostrings,
    title = {Biostrings: String objects representing biological sequences, and matching
algorithms},
    author = {H. Pages and P. Aboyoun and R. Gentleman and S. DebRoy},
    note = {R package version 2.30.0},
  }



@article{Rohle:2013gq,
author = {Rohle, D and Popovici-Muller, J and Palaskas, N and Turcan, S and Grommes, C and Campos, C and Tsoi, J and Clark, O and Oldrini, B and Komisopoulou, E and Kunii, K and Pedraza, A and Schalm, S and Silverman, L and Miller, A and Wang, F and Yang, H and Chen, Y and Kernytsky, A and Rosenblum, M K and Liu, W and Biller, S A and Su, S M and Brennan, C W and Chan, T A and Graeber, T G and Yen, K E and Mellinghoff, I K},
title = {{An Inhibitor of Mutant IDH1 Delays Growth and Promotes Differentiation of Glioma Cells}},
journal = {Science},
year = {2013},
month = apr
}


@article{Figueroa:2010ch,
author = {Figueroa, Maria E and Abdel-Wahab, Omar and Lu, Chao and Ward, Patrick S and Patel, Jay and Shih, Alan and Li, Yushan and Bhagwat, Neha and Vasanthakumar, Aparna and Fernandez, Hugo F and Tallman, Martin S and Sun, Zhuoxin and Wolniak, Kristy and Peeters, Justine K and Liu, Wei and Choe, Sung E and Fantin, Valeria R and Paietta, Elisabeth and L{\"o}wenberg, Bob and Licht, Jonathan D and Godley, Lucy A and Delwel, Ruud and Valk, Peter J M and Thompson, Craig B and Levine, Ross L and Melnick, Ari},
title = {{Leukemic IDH1 and IDH2 Mutations Result in{\&}nbsp;a Hypermethylation Phenotype, Disrupt TET2 Function, and Impair Hematopoietic Differentiation}},
journal = {Cancer Cell},
year = {2010},
volume = {18},
number = {6},
pages = {553--567},
month = dec
}



@article{Tarpey:2013jh,
author = {Tarpey, Patrick S and Behjati, Sam and Cooke, Susanna L and Van Loo, Peter and Wedge, David C and Pillay, Nischalan and Marshall, John and O'Meara, Sarah and Davies, Helen and Nik-Zainal, Serena and Beare, David and Butler, Adam and Gamble, John and Hardy, Claire and Hinton, Jonathon and Jia, Ming Ming and Jayakumar, Alagu and Jones, David and Latimer, Calli and Maddison, Mark and Martin, Sancha and McLaren, Stuart and Menzies, Andrew and Mudie, Laura and Raine, Keiran and Teague, Jon W and Tubio, Jose M C and Halai, Dina and Tirabosco, Roberto and Amary, Fernanda and Campbell, Peter J and Stratton, Michael R and Flanagan, Adrienne M and Futreal, P Andrew},
title = {{Frequent mutation of the major cartilage collagen gene COL2A1 in chondrosarcoma}},
journal = {Nature Genetics},
year = {2013},
pages = {1--5},
month = jun
}

@article{Balss:2008ed,
author = {Balss, J{\"o}rg and Meyer, Jochen and Mueller, Wolf and Korshunov, Andrey and Hartmann, Christian and Deimling, Andreas},
title = {{Analysis of the IDH1 codon 132 mutation in brain tumors}},
journal = {Acta Neuropathol},
year = {2008},
volume = {116},
number = {6},
pages = {597--602},
month = nov
}

@article{Wang:2012dl,
author = {Wang, P and Dong, Q and Zhang, C and Kuan, P-F and Liu, Y and Jeck, W R and Andersen, J B and Jiang, W and Savich, G L and Tan, T-X and Auman, J T and Hoskins, J M and Misher, A D and Moser, C D and Yourstone, S M and Kim, J W and Cibulskis, K and Getz, G and Hunt, H V and Thorgeirsson, S S and Roberts, L R and Ye, D and Guan, K-L and Xiong, Y and Qin, L-X and Chiang, D Y},
title = {{Mutations in isocitrate dehydrogenase 1 and 2 occur frequentlyin intrahepatic cholangiocarcinomas and share hypermethylationtargets with glioblastomas}},
journal = {Oncogene},
year = {2012},
volume = {32},
number = {25},
pages = {3091--3100},
month = jul
}

@article{Turcan:2013jd,
author = {Turcan, Sevin and Rohle, Daniel and Goenka, Anuj and Walsh, Logan A and Fang, Fang and Yilmaz, Emrullah and Campos, Carl and Fabius, Armida W M and Lu, Chao and Ward, Patrick S and Thompson, Craig B and Kaufman, Andrew and Guryanova, Olga and Levine, Ross and Heguy, Adriana and Viale, Agnes and Morris, Luc G T and Huse, Jason T and Mellinghoff, Ingo K and Chan, Timothy A},
title = {{IDH1 mutation is sufficient to establish the glioma hypermethylator phenotype}},
journal = {Nature},
year = {2013},
volume = {483},
number = {7390},
pages = {479--483},
month = apr
}



@article{Baylin:2011cc,
author = {Baylin, S. B. and Jones, P. A.},
title = {{A decade of exploring the cancer epigenome --- biological and translational implications}},
year = {2011},
pages = {1--9},
journal = {Nature Reviews Cancer},
volume = {11},
pages = {726-734}
}




@article{Dimova:2005kk,
author = {Dimova, D. K. and Dyson, N. J.},
title = {{The E2F transcriptional network: old acquaintances with new faces}},
journal = {Oncogene},
year = {2005},
volume = {24},
number = {17},
pages = {2810--2826}
}

@article{Suzuki:2004ja,
author = {Suzuki, H. and Watkins, D. N. and Jair, K.-W. and Schuebel, K. E. and Markowitz, S. D. and Dong Chen, W. and Pretlow, T. P. and Yang, B. and Akiyama, Y. and van Engeland, M. and Toyota, M. and Tokino, T. and Hinoda, Y. and Imai, K. and Herman, J. G. and Baylin, S. B.},
title = {{Epigenetic inactivation of SFRP genes allows constitutive WNT signaling in colorectal cancer}},
journal = {Nature Genetics},
year = {2004},
volume = {36},
number = {4},
pages = {417--422}
}

@article{Mi:2012jj,
author = {Mi, H. and Muruganujan, A. and Thomas, P. D.},
title = {{PANTHER in 2013: modeling the evolution of gene function, and other gene attributes, in the context of phylogenetic trees}},
journal = {Nucleic Acids Research},
year = {2012},
volume = {41},
number = {D1},
pages = {D377--D386},
}


@article{Leemans:2010bw,
author = {Leemans, C. R. and Braakhuis, B. J. M, and Brakenhoff, R. H.},
title = {{The molecular biology of head and neck cancer}},
journal = {Nature Publishing Group},
year = {2010},
volume = {11},
number = {1},
pages = {9--22}
}



@article{Herman:1994tj,
author = {Herman, J. G. and Latif, F. and Weng, Y. and Lerman, M. I. and Zbar, B. and Liu, S. and Samid, D. and Duan, D. S. and Gnarra, J. R. and Linehan, W. M.},
title = {{Silencing of the VHL tumor-suppressor gene by DNA methylation in renal carcinoma.}},
journal = {Proc. Natl. Acad. Sci. U.S.A.},
year = {1994},
volume = {91},
number = {21},
pages = {9700--9704}
}


@article{Greger:1989wb,
author = {Greger, V. and Passarge, E. and Hopping, W. and Messmer, E. and Horsthemke, B.},
title = {{Epigenetic changes may contribute to the formation and spontaneous regression of retinoblastoma.}},
journal = {Hum Genet},
year = {1989},
volume = {83},
number = {2},
pages = {155--158}
}

@article{OhtaniFujita:1993up,
author = {Ohtani-Fujita, N. and Fujita, T. and Aoike, A. and Osifchin, N. E. and Robbins, P. D. and Sakai, T.},
title = {{CpG methylation inactivates the promoter activity of the human retinoblastoma tumor-suppressor gene.}},
journal = {Oncogene},
year = {1993},
volume = {8},
number = {4},
pages = {1063--1067}
}


@article{Consortium:2011vk,
author = {Consortium, ENCODE Project},
title = {{A user's guide to the encyclopedia of DNA elements (ENCODE)}},
journal = {Plos Biol},
year = {2011},
volume = {9},
number = {4},
pages = {e1001046}
}

@article{Bergman:2013df,
author = {Bergman, Y. and Cedar, H.},
title = {{DNA methylation dynamics in health and disease}},
journal = {Nat. Struct. Mol. Biol.},
year = {2013},
volume = {20},
number = {3},
pages = {274--281}
}


@article{Zhang:1999ud,
author = {Zhang, Y. and Ng, H. H. and Erdjument-Bromage, H. and Tempst, P. and Bird, A. and Reinberg, D.},
title = {{Analysis of the NuRD subunits reveals a histone deacetylase core complex and a connection with DNA methylation.}},
journal = {Genes {\&} Development},
year = {1999},
volume = {13},
number = {15},
pages = {1924--1935}
}


@article{Baylin:2005cx,
author = {Baylin, S. B.},
title = {{DNA methylation and gene silencing in cancer}},
journal = {Nature Clinical Practice Oncology},
year = {2005},
volume = {2},
pages = {S4-S7}
}

@article{Jones:2007kj,
author = {Jones, P. A. and Baylin, S. B.},
title = {{The Epigenomics of Cancer}},
journal = {Cell},
year = {2007},
volume = {128},
number = {4},
pages = {683-692}
}

@article{Hufton:2011cx,
author = {Hufton, A. and Heinig, M. and O'Keeffe, S. and El Masri, N. and Roider, H. G. and Manke, T. and Vingron, M. and Thomas-Chollier, M.},
title = {{Transcription factor binding predictions using TRAP for the analysis of ChIP-seq data and regulatory SNPs}},
journal = {Nature Protocols},
year = {2011},
volume = {6},
number = {12},
pages = {1860-1869}
}

@article{Chavez:2010fo,
author = {Chavez, L. and Jozefczuk, J. and Grimm, C. and Dietrich, J. and Timmermann, B. and Lehrach, H. and Herwig, R. and Adjaye, J.},
title = {{Computational analysis of genome-wide DNA methylation during the differentiation of human embryonic stem cells along the endodermal lineage}},
journal = {Genome Research},
year = {2010},
volume = {20},
number = {10},
pages = {1441-1450}
}


@article{Okano:1999to,
author = {Okano, M. and Bell, D. W. and Haber, D. A. and Li, E.},
title = {{DNA methyltransferases Dnmt3a and Dnmt3b are essential for de novo methylation and mammalian development}},
journal = {Cell},
year = {1999},
volume = {99},
number = {3},
pages = {247--257}
}

@article{Chuang:1997dl,
author = {Chuang, L. S. and Ian, H.-I and Koh, T. W. and Ng, H.-H. and Xu, G. and Li, B. F. L.},
title = {{Human DNA-(Cytosine-5) Methyltransferase-PCNA Complex as a Target for p21WAF1}},
journal = {Science},
year = {1997},
volume = {277},
number = {5334},
pages = {1996--2000}
}

@article{Bestor:1983uk,
author = {Bestor, T. H.and Ingram, V. M.},
title = {{Two DNA methyltransferases from murine erythroleukemia cells: purification, sequence specificity, and mode of interaction with DNA}},
journal = {Proc. Natl. Acad. Sci. U.S.A.},
year = {1983},
volume = {80},
number = {18},
pages = {5559--5563}
}


@article{Challen:2011hh,
author = {Challen, G. A. and Sun, D. and Jeong, M. and Luo, M. and Jelinek, J. and Berg, J. S. and Bock, C. and Vasanthakumar, A. and Gu, H. and Xi, Y. and Liang, S. and Lu, Y. and Darlington, G. J. and Meissner, A. and Issa, J.-P. J. and Godley, L. A. and Li, W. and Goodell, M. A.},
title = {{Dnmt3a is essential for hematopoietic stem cell differentiation}},
journal = {Nature Genetics},
year = {2011},
volume = {44},
number = {1},
pages = {23--31}
}


@article{Lechner:2013ab,
author = {Lechner, M. and Fenton, T. and West J. and Wilson G. and Feber, A. and Henderson, and Thirlwell, C. and Dibra, H. K. and Jay, A. and Butcher, L. and Chakravarthy, A. R. and Gratrix, F. and Patel, N and Vaz, F. and O’Flynn, P. and Kalavrezos, N. and Teschendorff, A. E. and Boshoff, C. and Beck, S.},
title = {{Identification and Functional Validation of HPV-mediated Hypermethylation in Head and Neck Squamous Cell Carcinoma}},
journal = {Genome Medicine},
year = {2013},
volume = {5},
doi ={10.1186/gm419}
}

@article{Heyn:2012jn,
author = {Heyn, H. and Esteller, M.},
title = {{DNA methylation profiling in the clinic: applications and challenges}},
journal = {Nat. Rev. Genet.},
year = {2012},
volume = {13},
number = {10},
pages = {679--692}
}

@article{Fakhry:2008hr,
author = {Fakhry, C. and Westra, W. H. and Li, S and Cmelak, A and Ridge, J A and Pinto, H and Forastiere, A and Gillison, M L},
title = {{Improved Survival of Patients With Human Papillomavirus-Positive Head and Neck Squamous Cell Carcinoma in a Prospective Clinical Trial}},
journal = {JNCI Journal of the National Cancer Institute},
year = {2008},
volume = {100},
number = {4},
pages = {261--269}
}


@article{Poage:2011da,
author = {Poage, G. M. and Houseman, E. A. and Christensen, B. C. and Butler, R. A. and Avissar-Whiting, M. and McClean, M. D. and Waterboer, T. and Pawlita, M. and Marsit, C. J. and Kelsey, K. T.},
title = {{Global Hypomethylation Identifies Loci Targeted for Hypermethylation in Head and Neck Cancer}},
journal = {Clinical Cancer Research},
year = {2011},
volume = {17},
number = {11},
pages = {3579--3589}
}

@article{Fu:2013kv,
author = {Fu, Yanfang and Foden, Jennifer A and Khayter, Cyd and Maeder, Morgan L and Reyon, Deepak and Joung, J Keith and Sander, Jeffry D},
title = {{High-frequency off-target mutagenesis induced by CrIsPr-Cas nucleases in human cells}},
journal = {Nat Biotechnol},
year = {2013},
volume = {31},
number = {9},
pages = {822--826},
month = jun
}

@article{Aran:2013jk,
author = {Aran, Dvir and Sabato, Sivan and Hellman, Asaf},
title = {{DNA methylation of distal regulatory sites characterizes dysregulation of cancer genes}},
journal = {Genome Biology},
year = {2013},
volume = {14},
number = {3},
pages = {R21},
month = mar
}

@article{Aran:2013cv,
author = {Aran, Dvir and Hellman, Asaf},
title = {{Correspondence}},
journal = {Cell},
year = {2013},
volume = {154},
number = {1},
pages = {11--13},
month = jul
}

@article{Baylin:2011cc,
author = {Baylin, S. B. and Jones, P. A.},
title = {{A decade of exploring the cancer epigenome - biological and translational implications}},
journal = {Nature Reviews Cancer},
volume = {11},
year = {2011},
pages = {726--734}
}

@article{Nix:2008fo,
author = {Nix, D. A. and Courdy, S. J. and Boucher, K. M.},
title = {{Empirical methods for controlling false positives and estimating confidence in ChIP-Seq peaks}},
journal = {BMC Bioinformatics},
year = {2008},
volume = {9}
}

@article{SamanWarnakulasuriya:2009eq,
author = {{S. Warnakulasuriya}},
title = {{Global epidemiology of oral and oropharyngeal cancer}},
journal = {Oral Oncology},
year = {2009},
volume = {45},
number = {4-5}
}

@article{Williams:2009em,
author = {Williams, R. and Lee, D. W. and Elzey, B. D. and Anderson, M. E. and Hostager, B. S. and Lee, J. H.},
title = {{Preclinical models of HPV+ and HPV− HNSCC in mice: An immune clearance of HPV+ HNSCC}},
journal = {Head Neck},
year = {2009},
volume = {31},
number = {7},
pages = {911--918}
}

@article{Gillison:2008gr,
author = {Gillison, M. L. and D'Souza, G. and Westra, W. and Sugar, E. and Xiao, W. and Begum, S. and Viscidi, R.},
title = {{Distinct Risk Factor Profiles for Human Papillomavirus Type 16-Positive and Human Papillomavirus Type 16-Negative Head and Neck Cancers}},
journal = {JNCI Journal of the National Cancer Institute},
year = {2008},
volume = {100},
number = {6},
pages = {407--420}
}



@article{Frommer:1992wq,
author = {Frommer, M. and McDonald, L. E. and Millar, D. S. and Collis, C. M. and Watt, F. and Grigg, G. W. and Molloy, P. L. and Paul, C. L.},
title = {{A genomic sequencing protocol that yields a positive display of 5-methylcytosine residues in individual DNA strands.}},
journal = {Proc. Natl. Acad. Sci. U.S.A.},
year = {1992},
volume = {89},
number = {5},
pages = {1827--1831}
}

@article{Meissner:2005eb,
author = {Meissner, A. and Gnirke, A. and Bell, G. W. and Ramsahoye, B. and Lander, E. S. and Jaenisch, R.},
title = {{Reduced representation bisulfite sequencing for comparative high-resolution DNA methylation analysis}},
journal = {Nucleic Acids Research},
year = {2005},
volume = {33},
number = {18},
pages = {5868--5877}
}



@article{Hon:2012en,
author = {Hon, G. C. and Hawkins, R. D. and Caballero, O. L. and Lo, C. and Lister, R. and Pelizzola, M. and Valsesia, A. and Ye, Z. and Kuan, S. and Edsall, L. E. and Camargo, A. A. and Stevenson, B. J. and Ecker, J. R. and Bafna, V. and Strausberg, R. L. and Simpson, A. J. and Ren, B.},
title = {{Global DNA hypomethylation coupled to repressive chromatin domain formation and gene silencing in breast cancer}},
journal = {Genome Research},
year = {2012},
volume = {22},
number = {2},
pages = {246--258}
}

@article{Berman:2011ga,
author = {Berman, B. P. and Weisenberger, D. J. and Aman, J. F. and Hinoue, T. and Ramjan, Z. and Liu, Y. and Noushmehr, H. and Lange, C. P. E. and van Dijk, C. M .and Tollenaar, R. A. E. M. and Van Den Berg, D. and Laird, P. W.},
title = {{Regions of focal DNA hypermethylation and long-range hypomethylation in colorectal cancer coincide with nuclear lamina--associated domains}},
journal = {Nature Genetics},
year = {2011},
volume = {44},
number = {1},
pages = {40--46}
}

@article{Hansen:2011gu,
author = {Hansen, K. D. and Timp, W. and Bravo, H. C. and Sabunciyan, S. and Langmead, B. and McDonald, O. G. and Wen, B. and Wu, H. and Liu, Y. and Diep, D. and Briem, E. and Zhang, K. and Irizarry, R. A. and Feinberg, A. P.},
title = {{Increased methylation variation in epigenetic domains across cancer types}},
journal = {Nature Genetics},
year = {2011},
volume = {43},
number = {8},
pages = {768--775}
}




@article{Down:2008ce,
author = {Down, T. A. and Rakyan, V. K. and Turner, D. J. and Flicek, P. and Li, H. and Kulesha, E. and Gr{\"a}f, S. and Johnson, N. and Herrero, J. and Tomazou, E. M. and Thorne, N. P. and B{\"a}ckdahl, L. and Herberth, M. and Howe, K. L. and Jackson, D. K. and Miretti, M. M. and Marioni, J. C. and Birney, E. and Hubbard, T. J. P. and Durbin, R. and Tavar{\'e}, S. and Beck, S.},
title = {{A Bayesian deconvolution strategy for immunoprecipitation-based DNA methylome analysis}},
journal = {Nat Biotechnol},
year = {2008},
volume = {26},
number = {7},
pages = {779--785}
}

@article{Feber:2011ba,
author = {Feber, A. and Wilson, G. A. and Zhang, L. and Presneau, N. and Idowu, B. and Down, T. A. and Rakyan, V. K. and Noon, L, A. and Lloyd, A. C. and Stupka, E. and Schiza, V. and Teschendorff, A. E. and Schroth, G. P. and Flanagan, A. and Beck, S.},
title = {{Comparative methylome analysis of benign and malignant peripheral nerve sheath tumors}},
journal = {Genome Research},
year = {2011},
volume = {21},
number = {4},
pages = {515--524}
}

@article{Rakyan:2008cf,
author = {Rakyan, V. K. and Down, T. A. and Thorne, N. P. and Flicek, P. and Kulesha, E. and Graf, S. and Tomazou, E. M. and Backdahl, L. and Johnson, N. and Herberth, M. and Howe, K. L. and Jackson, D. K. and Miretti, M. M. and Fiegler, H. and Marioni, J. C. and Birney, E. and Hubbard, T. J. P. and Carter, N. P. and Tavare, S. and Beck, S.},
title = {{An integrated resource for genome-wide identification and analysis of human tissue-specific differentially methylated regions (tDMRs)}},
journal = {Genome Research},
year = {2008},
volume = {18},
number = {9},
pages = {1518--1529}
}

@article{Weber:2007hm,
author = {Weber, M. and Hellmann, I. and Stadler, M. B. and Ramos, L. and P{\"a}{\"a}bo, S. and Rebhan, M. and Sch{\"u}beler, D.},
title = {{Distribution, silencing potential and evolutionary impact of promoter DNA methylation in the human genome}},
journal = {Nature Genetics},
year = {2007},
volume = {39},
number = {4},
pages = {457--466}
}

@article{Weber:2005fw,
author = {Weber, M. and Davies, J. J. and Wittig, D. and Oakeley, E. J. and Haase, M. and Lam, W. L. and Sch{\"u}beler, D.},
title = {{Chromosome-wide and promoter-specific analyses identify sites of differential DNA methylation in normal and transformed human cells}},
journal = {Nature Genetics},
year = {2005},
volume = {37},
number = {8},
pages = {853--862}
}

@article{Wilson:2012vj,
author = {Wilson, G. A. and Dhami, P. and Feber, A. and Cort{\'a}zar, D. and Suzuki, Y. and Schulz, R. and Sch{\"a}r, P. and Beck, S.},
title = {{Resources for methylome analysis suitable for gene knockout studies of potential epigenome modifiers}},
journal = {GigaScience},
year = {2012},
volume = {1},
number = {1},
pages = {3}
}


@article{Wilson:2012kc,
author = {Taiwo, O. and Wilson, G. A. and Morris, T. and Seisenberger, S. and Reik, W. and Pearce, D. and Beck, S. and Butcher, L. M.},
title = {{Methylome analysis using MeDIP-seq with low DNA concentrations}},
journal = {Nature Protocols},
year = {2012},
volume = {7},
number = {4},
pages = {617--636}
}


@article {Trapnell:2009fa,
author = {Trapnell, C. and Salzberg, S. L.},
title = {{How to map billions of short reads onto genomes.}},
journal = {Nat Biotechnol},
year = {2009},
volume = {27},
number = {5},
pages = {455--457}
}

@article{Gillison:2000te,
author = {Gillison, M. L. and Koch, W. M. and Capone, R. B. and Spafford, M. and Westra, W. H. and Wu, L. and Zahurak, M. L. and Daniel, R. W. and Viglione, M. and Symer, D. E. and Shah, K. V. and Sidransky, D.},
title = {{Evidence for a causal association between human papillomavirus and a subset of head and neck cancers.}},
journal = {J. Natl. Cancer Inst.},
year = {2000},
volume = {92},
number = {9},
pages = {709--720}
}

@article{Anders:2010fu,
author = {Anders, S. and Huber, W.},
title = {{Differential expression analysis for sequence count data}},
journal = {Genome Biology},
year = {2010},
volume = {11},
number = {10},
pages = {R106}
}

@article{Li:2009fi,
author = {Li, H. and Durbin, R.},
title = {{Fast and accurate short read alignment with Burrows-Wheeler transform}},
journal = {Bioinformatics},
year = {2009},
volume = {25},
number = {14},
pages = {1754--1760}
}

@article{Laird:2010iv,
author = {Laird, P. W.},
title = {{Principles and challenges of genome-wide DNA methylation analysis}},
journal = {Nat. Rev. Genet.},
year = {2010},
volume = {11},
number = {3},
pages = {191--203}
}






